
 
@Inbook{Wille1982,  
author="Wille, Rudolf",  
editor="Rival, Ivan",  
title="Restructuring Lattice Theory: An Approach Based on Hierarchies of Concepts",  
bookTitle="Ordered Sets: Proceedings of the NATO Advanced Study Institute held at Banff, Canada, August 28 to September 12, 1981",  
year="1982",  
publisher="Springer Netherlands",  
address="Dordrecht",  
pages="445--470",  
isbn="978-94-009-7798-3",  
doi="10.1007/978-94-009-7798-3_15",  
url="http://dx.doi.org/10.1007/978-94-009-7798-3_15"  
}


@article{DBLP:journals/pami/BengioCV13,
  author    = {Yoshua Bengio and
               Aaron C. Courville and
               Pascal Vincent},
  title     = {Representation Learning: {A} Review and New Perspectives},
  journal   = {{IEEE} Trans. Pattern Anal. Mach. Intell.},
  volume    = {35},
  number    = {8},
  pages     = {1798--1828},
  year      = {2013},
  url       = {https://doi.org/10.1109/TPAMI.2013.50},
  doi       = {10.1109/TPAMI.2013.50},
  timestamp = {Wed, 17 May 2017 10:56:25 +0200},
  biburl    = {https://dblp.org/rec/bib/journals/pami/BengioCV13},
  bibsource = {dblp computer science bibliography, https://dblp.org}
}
